@ARTICLE{XuSiCNN,
   author = {{Xu}, Y. and {Xiao}, T. and {Zhang}, J. and {Yang}, K. and {Zhang}, Z.
	},
    title = "{Scale-Invariant Convolutional Neural Networks}",
  journal = {arXiv e-prints},
archivePrefix = "arXiv",
   eprint = {1411.6369},
 primaryClass = "cs.CV",
 keywords = {Computer Science - Computer Vision and Pattern Recognition, Computer Science - Machine Learning, Computer Science - Neural and Evolutionary Computing},
     year = 2014,
    month = nov,
   adsurl = {https://ui.adsabs.harvard.edu/abs/2014arXiv1411.6369X},
  adsnote = {Provided by the SAO/NASA Astrophysics Data System}
}

@ARTICLE{GongMSCNN,
   author = {{Gong}, Y. and {Wang}, L. and {Guo}, R. and {Lazebnik}, S.},
    title = "{Multi-scale Orderless Pooling of Deep Convolutional Activation Features}",
  journal = {arXiv e-prints},
archivePrefix = "arXiv",
   eprint = {1403.1840},
 primaryClass = "cs.CV",
 keywords = {Computer Science - Computer Vision and Pattern Recognition},
     year = 2014,
    month = mar,
   adsurl = {https://ui.adsabs.harvard.edu/abs/2014arXiv1403.1840G},
  adsnote = {Provided by the SAO/NASA Astrophysics Data System}
}

@Book{GoodFellowDL,
  Title                    = {Deep Learning},
  Author                   = {Ian J. Goodfellow and Yoshua Bengio and Aaron Courville},
  Publisher                = {MIT Press},
  Year                     = {2016},

  Address                  = {Cambridge, MA, USA},
  Note                     = {\url{http://www.deeplearningbook.org}}
}

@article{LiDARMRCNN,
	author={{Verschoof-van der Vaart}, W.B, and {Lambers} K.},
	year=2019,
	title = {Learning to Look at LiDAR: The Use of R-CNN in the Automated Detection of Archaeological Objects in LiDAR Data from the Netherlands. Journal of Computer Applications in Archaeology},
	journal={Journal of Computer Applications in Archaeology},
	pages={31-40},
	adsurl={http://doi.org/10.5334/jcaa.32}
}

@INPROCEEDINGS{mrcnn, 
	author={K. {He} and G. {Gkioxari} and P. {Doll√°r} and R. {Girshick}}, 
	booktitle={2017 IEEE International Conference on Computer Vision (ICCV)}, 
	title={Mask R-CNN}, 
	year={2017}, 
	volume={}, 
	number={}, 
	pages={2980-2988}, 
	keywords={feature extraction;image segmentation;object detection;pose estimation;conceptually simple framework;bounding-box object detection;object mask;Faster R-CNN;called Mask R-CNN;high-quality segmentation mask;object instance segmentation;Feature extraction;Image segmentation;Object detection;Semantics;Quantization (signal);Robustness}, 
	doi={10.1109/ICCV.2017.322}, 
	ISSN={2380-7504}, 
	month={Oct},
}

@article{relDNN,
  author    = {Adam Santoro and
               David Raposo and
               David G. T. Barrett and
               Mateusz Malinowski and
               Razvan Pascanu and
               Peter Battaglia and
               Timothy P. Lillicrap},
  title     = {A simple neural network module for relational reasoning},
  journal   = {CoRR},
  volume    = {abs/1706.01427},
  year      = {2017},
  url       = {http://arxiv.org/abs/1706.01427},
  archivePrefix = {arXiv},
  eprint    = {1706.01427},
  timestamp = {Mon, 13 Aug 2018 16:48:12 +0200},
  biburl    = {https://dblp.org/rec/bib/journals/corr/SantoroRBMPBL17},
  bibsource = {dblp computer science bibliography, https://dblp.org}
}

@ARTICLE{machinePeople,
   author = {{Lake}, B.~M. and {Ullman}, T.~D. and {Tenenbaum}, J.~B. and 
	{Gershman}, S.~J.},
    title = "{Building Machines That Learn and Think Like People}",
  journal = {arXiv e-prints},
archivePrefix = "arXiv",
   eprint = {1604.00289},
 primaryClass = "cs.AI",
 keywords = {Computer Science - Artificial Intelligence, Computer Science - Computer Vision and Pattern Recognition, Computer Science - Machine Learning, Computer Science - Neural and Evolutionary Computing, Statistics - Machine Learning},
     year = 2016,
    month = apr,
   adsurl = {https://ui.adsabs.harvard.edu/abs/2016arXiv160400289L},
  adsnote = {Provided by the SAO/NASA Astrophysics Data System}}


@article{yolov3,
  author    = {Joseph Redmon and
               Ali Farhadi},
  title     = {YOLOv3: An Incremental Improvement},
  journal   = {CoRR},
  volume    = {abs/1804.02767},
  year      = {2018},
  url       = {http://arxiv.org/abs/1804.02767},
  archivePrefix = {arXiv},
  eprint    = {1804.02767},
  timestamp = {Mon, 13 Aug 2018 16:48:24 +0200},
  biburl    = {https://dblp.org/rec/bib/journals/corr/abs-1804-02767},
  bibsource = {dblp computer science bibliography, https://dblp.org}
}
